% This file was created with Citavi 6.11.0.0

@misc{ASITZentrumfursichereInformationstechnologieAustria.26.06.2022,
 abstract = {Mehr als die H{\"a}lfte des gesamten E-Mail-Verkehrs sind unerw{\"u}nschte E-Mails, sogenannte Spam-Mails. Der Gro{\ss}teil davon enth{\"a}lt Werbeinhalte f{\"u}r Partnervermittlung oder Angebote f{\"u}r Software und Produkte. Spam hat sich aber auch zu einem wesentlichen Instrument f{\"u}r Cyberkriminelle entwickelt. Eine Vielzahl der Spam-Mails ist durchaus als gef{\"a}hrlich einzustufen, zumal Betrugsversuche oder versuchte Schadsoftware-Infektionen und Identit{\"a}tsdiebstahl dahinterstehen.},
 author = {{A-SIT Zentrum f{\"u}r sichere Informationstechnologie -- Austria}},
 year = {26.06.2022},
 title = {Onlinesicherheit - Spam},
 url = {https://www.onlinesicherheit.gv.at/Services/Cybermonitor/Spam.html},
 urldate = {26.06.2022}
}


@misc{.26.06.2022,
 abstract = {Personal Storage Table (PST) ist ein herstellerspezifisches Dateiformat, das von Microsoft zum Speichern von Nachrichtenkopien, Kalenderereignissen und anderen Elementen auf den Microsoft-E-Mail-Plattformen erstellt wurde.},
 year = {26.06.2022},
 title = {Barracuda Networks},
 url = {https://de.barracuda.com/glossary/pst-files},
 urldate = {26.06.2022}
}


@misc{Statista.26.06.2022,
 abstract = {Laut einer Prognose soll sich die Anzahl der t{\"a}glich versendeten und empfangenen E-Mails weltweit im Jahr 2021 auf 319,6 Milliarden belaufen.},
 author = {Statista},
 year = {26.06.2022},
 title = {Anzahl der E-Mails pro Tag weltweit 2025},
 url = {https://de.statista.com/statistik/daten/studie/252278/umfrage/prognose-zur-zahl-der-taeglich-versendeter-e-mails-weltweit/#professional},
 urldate = {26.06.2022}
}


